@article{Hild08,
    title = "CorreliQ4: A software for Finite-Element displacement field measurements by digital image correlation",
    author = "Fran�ois HILD and Stefan ROUX",
    journal = "Notice interne au LMT",
    year = "2008"
}

@phdthesis{Giry11,
    title = "Mod�lisation objective de la localisation des d�formations et de la fissuration dans les structures en b�ton arm�",
    author = "C�dric GIRY",
    school = "Universit� de Grenoble",    
    year = "2011"
}

@article{bazant1994,
  title={Fracture size effect: review of evidence for concrete structures},
  author={Bazant, Zdenek P and Ozbolt, Jo{\v{s}}ko and Eligehausen, Rolf},
  journal={Journal of structural engineering},
  volume={120},
  number={8},
  pages={2377--2398},
  year={1994},
  publisher={American Society of Civil Engineers}
}

@book{rusch1962,
  title={Schubversuche an Stahlbeton-Rechteckbalken mit gleichm{\"a}{\ss}ig verteilter Belastung},
  author={R{\"u}sch, Hubert and Haugli, Finn Robert and Mayer, Horst},
  year={1962},
  publisher={Wilhelm Ernst \& Sohn}
}

@article{leonhardt1962,
  title={Beitrage zur behandlung der schubprobleme im stahlbetonbau},
  author={Leonhardt, Fritz},
  journal={J. BETON-UND STAHLBETONBAU},
  volume={7},
  pages={161--173},
  year={1962}
}

@inproceedings{kani1967,
  title={How safe are our large reinforced concrete beams?},
  author={Kani, G\_N\_J\_},
  booktitle={ACI Journal Proceedings},
  volume={64},
  number={3},
  year={1967},
  organization={ACI}
}

@article{taylor1972,
  title={SHEAR STENGTH OF LARGE BEAMS},
  author={Taylor, HP},
  journal={Journal of the Structural Division},
  volume={98},
  number={St 11},
  year={1972}
}

@article{walsh1976,
  title={Crack initiation in plain concrete},
  author={Walsh, PF},
  journal={Magazine of Concrete Research},
  volume={28},
  number={94},
  pages={37--41},
  year={1976},
  publisher={Ice Virtual Library}
}

@book{chana1981,
  title={Some aspects of modelling the behaviour of reinforced concrete under shear loading},
  author={Chana, PS},
  number={Monograph},
  year={1981}
}

@article{reinhardt1981,
  title={Similitude of brittle fracture of structural concrete},
  author={Reinhardt, HW},
  journal={Advanced Mechanics of Reinforced Concrete},
  pages={201--210},
  year={1981}
}

@article{hillerborg1990,
  title={Fracture mechanics and the concrete codes},
  author={Hillerborg, Arne},
  journal={ACI Special Publication},
  volume={118},
  year={1990},
  publisher={ACI}
}

@article{eligehausen1992,
  title={Size effect in concrete structures},
  author={Eligehausen, Rolf and Ozbolt, Josko},
  journal={Applications of Fracture Mechanics to Reinforced Concrete},
  pages={17--44},
  year={1992},
  publisher={CRC PressI Llc}
}

@article{weibull1939,
  title={Phenomenon on Rapture in Solids},
  author={Weibull, W},
  journal={Ingenioersvetenskapsakad Handl},
  volume={153},
  pages={1--55},
  year={1939},
}

@article{bazant1984,
  title={Size effect in blunt fracture: concrete, rock, metal},
  author={Bazant, Zdenek P},
  journal={Journal of Engineering Mechanics},
  volume={110},
  number={4},
  pages={518--535},
  year={1984},
  publisher={American Society of Civil Engineers}
}

@book{bazant2004,
  title={Introduction aux effets d'{\'e}chelle sur la r{\'e}sistance des structures},
  author={Bazant, Zdenek P and Zuber, Bruno and Pijaudier-Cabot, Gilles},
  year={2004},
  publisher={Lavoisier}
}

@article{ba1990,
  title={Determination of fracture energy, process zone longth and brittleness number from size effect, with application to rock and conerete},
  author={Bazant, ZP and Kazemi, MT},
  journal={International Journal of Fracture},
  volume={44},
  number={2},
  pages={111--131},
  year={1990},
  publisher={Springer}
}

@article{tang1992,
  title={Fracture mechanics and size effect of concrete in tension},
  author={Tang, Tianxi and Shah, Surendra P and Ouyang, Chengsheng},
  journal={Journal of structural engineering},
  volume={118},
  number={11},
  pages={3169--3185},
  year={1992},
  publisher={American Society of Civil Engineers}
}

@article{rilem1991,
  title={Size-effect method for determining fracture energy and
process zone size of concrete},
  author={Shah, SP},
  journal={rilem draft recommendations},
  volume={23},
  pages={461--465},
  year={1991},
  publisher={American Society of Civil Engineers}
}

@article{lawler2001,
  title={Measuring three-dimensional damage in concrete under compression},
  author={Lawler, John S and Keane, Denis T and Shah, Surendra P},
  journal={ACI Materials Journal},
  volume={98},
  number={6},
  year={2001},
  publisher={ACI}
}

@article{luo1993,
  title={Accurate measurement of three-dimensional deformations in deformable and rigid bodies using computer vision},
  author={Luo, PF and Chao, YJ and Sutton, MA and Peters III, WH},
  journal={Experimental Mechanics},
  volume={33},
  number={2},
  pages={123--132},
  year={1993},
  publisher={Springer}
}

@book{shah1995,
  title={Fracture mechanics of concrete: applications of fracture mechanics to concrete, rock and other quasi-brittle materials},
  author={Shah, Surendra P and Swartz, Stuart E and Ouyang, Chengsheng},
  year={1995},
  publisher={Wiley New York}
}

@article{choi1997,
  title={Measurement of deformations on concrete subjected to compression using image correlation},
  author={Choi, S and Shah, SP},
  journal={Experimental Mechanics},
  volume={37},
  number={3},
  pages={307--313},
  year={1997},
  publisher={Springer}
}

@article{alam2012,
  title={Monitoring size effect on crack opening in concrete by digital image correlation},
  author={Alam, SY and Loukili, A and Grondin, F},
  journal={European Journal of Environmental and Civil Engineering},
  volume={16},
  number={7},
  pages={818--836},
  year={2012},
  publisher={Taylor \& Francis}
}

@article{hild2008,
  title={Correli Q4: A software for-finite-element-displacement field measurements by digital image correlation},
  author={Hild, Fran{\c{c}}ois and Roux, St{\'e}phane},
  journal={Rapport interne LMT Cachan},
  volume={269},
  year={2008}
}

@article{hamouche2010,
  title={Etude des caractéristiques d’un mortier pour un
essai Nooru-Mohamed},
  author={Hamouche, A},
  journal={Rapport Stage M2 recherche, LMT Cachan},
  year={2010}
}

@phdthesis{ouglova2004,
  title={Etude du comportement m{\'e}canique des structures en b{\'e}ton arm{\'e} atteintes par la corrosion},
  author={Ouglova, Anna},
  year={2004}
}

@article{bavzant2009universal,
  title={Universal size effect law and effect of crack depth on quasi-brittle structure strength},
  author={Ba{\v{z}}ant, Zden{\v{e}}k P and Yu, Qiang},
  journal={Journal of engineering mechanics},
  volume={135},
  number={2},
  pages={78--84},
  year={2009},
  publisher={American Society of Civil Engineers}
}

@article{richard2010isotropic,
  title={Isotropic continuum damage mechanics for concrete under cyclic loading: stiffness recovery, inelastic strains and frictional sliding},
  author={Richard, Benjamin and Ragueneau, Frederic and Cremona, Christian and Adelaide, Lucas},
  journal={Engineering Fracture Mechanics},
  volume={77},
  number={8},
  pages={1203--1223},
  year={2010},
  publisher={Elsevier}
}