@misc{theo, author={Wikipédia}, title={Théorème de Pythagore}, month={jul}, year={2010}, note={fr.wikipedia.org}
}
 
@misc{mult, author={Wikipédia}, title={Table de multiplication}, month={jul}, year={2010}, note={fr.wikipedia.org}
}
 
@misc{addi,author={Wikipédia}, title={Table d'addition}, month={jul}, year={2010}, note={fr.wikipedia.org}
}