@article{Hild08,
    title = "CorreliQ4: A software for Finite-Element displacement field measurements by digital image correlation",
    author = "François HILD and Stefan ROUX",
    journal = "Notice interne au LMT",
    year = "2008"
}

@phdthesis{Giry11,
    title = "Modélisation objective de la localisation des déformations et de la fissuration dans les structures en béton armé",
    author = "Cédric GIRY",
    school = "Université de Grenoble",    
    year = "2011"
}
